<?xml version="1.0" encoding="UTF-8"?><collection xmlns="http://www.loc.gov/MARC21/slim"><record><leader>00692nam--2200181-i-4500</leader><controlfield tag="001">000019640</controlfield><controlfield tag="002">20161230</controlfield><controlfield tag="005">20161230201033</controlfield><controlfield tag="008">060222s1000------------r-----000-0-fre-d</controlfield><datafield ind1=" " ind2=" " tag="040"><subfield code="a">IFIN-HH</subfield></datafield><datafield ind1=" " ind2=" " tag="041"><subfield code="a">fre</subfield></datafield><datafield ind1=" " ind2=" " tag="080"><subfield code="a">539.172.817(043):524.1</subfield></datafield><datafield ind1="1" ind2=" " tag="100"><subfield code="a">Fontes, Pierre</subfield></datafield><datafield ind1="1" ind2="0" tag="245"><subfield code="a">Mesure des sections efficaces de production des isotopes stables de lithium,beryllium et bore dans la spallation du carbone par des protons et des paricules alpha.application a l`etude de la propagation des elements legeres du rayonnement chimique</subfield><subfield code="b">These</subfield><subfield code="c">Pierre fontes</subfield></datafield><datafield ind1=" " ind2=" " tag="260"><subfield code="a">Paris</subfield><subfield code="b">Universite De Paris-sud</subfield><subfield code="c">1975</subfield></datafield><datafield ind1=" " ind2=" " tag="300"><subfield code="a">113 P</subfield></datafield><datafield ind1=" " ind2=" " tag="852"><subfield code="a">44177</subfield><subfield code="c">539.17</subfield></datafield><datafield ind1=" " ind2=" " tag="CAT"><subfield code="a">Sys</subfield><subfield code="c">20120615</subfield><subfield code="h">134638</subfield></datafield></record></collection>